<?xml version="1.0" encoding="UTF-8"?><collection xmlns="http://www.loc.gov/MARC21/slim"><record><leader>00484nam--2200133-i-4500</leader><controlfield tag="001">000033106</controlfield><controlfield tag="002">20161230</controlfield><controlfield tag="005">20161230201039</controlfield><controlfield tag="008">060222s1000------------r-----000-0-eng-d</controlfield><datafield ind1=" " ind2=" " tag="080"><subfield code="a">621.7(043)</subfield></datafield><datafield ind1=" " ind2=" " tag="100"><subfield code="a">Meissner, Volker</subfield></datafield><datafield ind1=" " ind2=" " tag="245"><subfield code="a">Warmetehnische optimierung der heiz-kuhlsysteme flussigkeitstemperierter einschneckenextruder zur verarbeitung von thermoplasten.dissertation</subfield></datafield><datafield ind1=" " ind2=" " tag="260"><subfield code="a">Braunschweig, Institut Fur Maschinenelemente Und Fordertechnik, 1983. Vii+158p</subfield></datafield><datafield ind1=" " ind2=" " tag="852"><subfield code="a">71511</subfield></datafield></record></collection>